<collection xmlns="http://www.loc.gov/MARC21/slim">
   <record>
      <leader>04558cam a2200601 i 4500</leader>
      <controlfield tag="001">6861385</controlfield>
      <controlfield tag="003">OCoLC</controlfield>
      <controlfield tag="005">20150305091317.0</controlfield>
      <controlfield tag="008">140930t20152015caua     b    001 0 eng  </controlfield>
      <datafield ind1=" " ind2=" " tag="010">
         <subfield code="a">  2014026769</subfield>
      </datafield>
      <datafield ind1=" " ind2=" " tag="020">
         <subfield code="a">9781611329469</subfield>
         <subfield code="q">hardback</subfield>
      </datafield>
      <datafield ind1=" " ind2=" " tag="020">
         <subfield code="a">1611329469</subfield>
         <subfield code="q">hardback</subfield>
      </datafield>
      <datafield ind1=" " ind2=" " tag="020">
         <subfield code="a">9781611329476</subfield>
         <subfield code="q">paperback</subfield>
      </datafield>
      <datafield ind1=" " ind2=" " tag="020">
         <subfield code="a">1611329477</subfield>
         <subfield code="q">paperback</subfield>
      </datafield>
      <datafield ind1=" " ind2=" " tag="020">
         <subfield code="z">9781611329483</subfield>
         <subfield code="q">electronic bk.</subfield>
      </datafield>
      <datafield ind1=" " ind2=" " tag="020">
         <subfield code="z">9781611327649</subfield>
         <subfield code="q">electronic bk.</subfield>
      </datafield>
      <datafield ind1="8" ind2=" " tag="024">
         <subfield code="a">40024466963</subfield>
      </datafield>
      <datafield ind1=" " ind2=" " tag="035">
         <subfield code="a">ocn891941746</subfield>
      </datafield>
      <datafield ind1=" " ind2=" " tag="040">
         <subfield code="a">DLC</subfield>
         <subfield code="e">rda</subfield>
         <subfield code="b">eng</subfield>
         <subfield code="c">DLC</subfield>
         <subfield code="d">YDX</subfield>
         <subfield code="d">YDXCP</subfield>
         <subfield code="d">FHC</subfield>
         <subfield code="d">OCLCO</subfield>
         <subfield code="d">YUS</subfield>
         <subfield code="d">AEU</subfield>
      </datafield>
      <datafield ind1=" " ind2=" " tag="042">
         <subfield code="a">pcc</subfield>
      </datafield>
      <datafield ind1=" " ind2=" " tag="043">
         <subfield code="a">ae-----</subfield>
      </datafield>
      <datafield ind1="0" ind2="0" tag="050">
         <subfield code="a">CC72.4</subfield>
         <subfield code="b">.N457 2015</subfield>
      </datafield>
      <datafield ind1="0" ind2="0" tag="082">
         <subfield code="a">930.1082</subfield>
         <subfield code="2">23</subfield>
      </datafield>
      <datafield ind1=" " ind2=" " tag="084">
         <subfield code="a">SOC003000</subfield>
         <subfield code="a">SOC010000</subfield>
         <subfield code="2">bisacsh</subfield>
      </datafield>
      <datafield ind1=" " ind2=" " tag="090">
         <subfield code="a">CC72.4 .N457 2015</subfield>
         <subfield code="b">AEGMCT</subfield>
      </datafield>
      <datafield ind1=" " ind2=" " tag="090">
         <subfield code="a">CC 72.4 N457 2015</subfield>
         <subfield code="b">AEU</subfield>
      </datafield>
      <datafield ind1="1" ind2=" " tag="100">
         <subfield code="a">Nelson, Sarah M.,</subfield>
         <subfield code="d">1931-</subfield>
         <subfield code="e">author.</subfield>
         <subfield code="0">http://id.loc.gov/authorities/names/n90688679</subfield>
         <subfield code="0">http://viaf.org/viaf/98083914</subfield>
      </datafield>
      <datafield ind1="1" ind2="0" tag="245">
         <subfield code="a">Shamans, queens, and figurines :</subfield>
         <subfield code="b">the development of gender archaeology /</subfield>
         <subfield code="c">Sarah Milledge Nelson.</subfield>
      </datafield>
      <datafield ind1=" " ind2="1" tag="264">
         <subfield code="a">Walnut Creek, California :</subfield>
         <subfield code="b">Left Coast Press, Inc.,</subfield>
         <subfield code="c">[2015]</subfield>
      </datafield>
      <datafield ind1=" " ind2="4" tag="264">
         <subfield code="c">©2015</subfield>
      </datafield>
      <datafield ind1=" " ind2=" " tag="300">
         <subfield code="a">286 pages :</subfield>
         <subfield code="b">illustrations ;</subfield>
         <subfield code="c">24 cm</subfield>
      </datafield>
      <datafield ind1=" " ind2=" " tag="336">
         <subfield code="a">text</subfield>
         <subfield code="b">txt</subfield>
         <subfield code="2">rdacontent</subfield>
         <subfield code="0">http://id.loc.gov/vocabulary/contentTypes/txt</subfield>
      </datafield>
      <datafield ind1=" " ind2=" " tag="337">
         <subfield code="a">unmediated</subfield>
         <subfield code="b">n</subfield>
         <subfield code="2">rdamedia</subfield>
         <subfield code="0">http://id.loc.gov/vocabulary/mediaTypes/n</subfield>
      </datafield>
      <datafield ind1=" " ind2=" " tag="338">
         <subfield code="a">volume</subfield>
         <subfield code="b">nc</subfield>
         <subfield code="2">rdacarrier</subfield>
         <subfield code="0">http://id.loc.gov/vocabulary/carriers/nc</subfield>
      </datafield>
      <datafield ind1=" " ind2=" " tag="504">
         <subfield code="a">Includes bibliographical references (pages 251-275) and indexes.</subfield>
      </datafield>
      <datafield ind1="0" ind2=" " tag="505">
         <subfield code="a">Part I. Introduction: Learning the Field and Breaking Taboos -- Part II. Social Archaeology Gives Birth to Gender Archaeology -- Part III. Figurines and Equity Issues : Measuring Gender -- Diversity of the Upper Paleolithic "Venus" Figurines and Archeological Mythology -- Equity Issues for Women in Archaeology : Conclusion (with Margaret Nelson) -- Part IV. Queens : Women Wielding Power -- The Statuses of Women in Ko-Shilla : Evidence from Archaeology and Historic Documents -- Performing Power in Early China : Examples from the Shang Dynasty and the Hongshan Culture -- Part V. Gender in Archaeology Spreads -- The "Goddess Temple" and the Status of Women at Niuheliang, China -- Feminist Theory, Leadership, and the Spirits of States in East Asia -- Part VI. Perspectives from China -- Ideology and the Formation of an Early State in Northeast China -- Part VII. Shamans and Ideology -- Feasting the Ancestors in Early China -- What Is a Shaman? -- Part VIII. Archaeological Stories -- Spirit Bird Journey : (Excerpts) -- Jade Dragon : (Excerpts) -- The Jade Phoenix : (Excerpt) -- Afterword -- A Perspective from East Asia on Periodizations in Archaeology.</subfield>
      </datafield>
      <datafield ind1="2" ind2=" " tag="520">
         <subfield code="a">"Sarah Nelson, recognized as one of the key figures in studying gender in the ancient world and women in archaeology, brings together much of the work she has done over three decades into a single volume. The book covers her theoretical contributions, her extensive studies of gender in the archaeology of East Asia, and her literary work on the subject. Included with the selections of her writing--taken from diverse articles and books published in a variety of places--is an illuminating commentary about the development of her professional and personal understanding of how gender plays out in ancient societies and modern universities and her current thinking on both topics"--</subfield>
         <subfield code="c">Provided by publisher.</subfield>
      </datafield>
      <datafield ind1=" " ind2=" " tag="596">
         <subfield code="a">16 29</subfield>
      </datafield>
      <datafield ind1=" " ind2="0" tag="650">
         <subfield code="a">Feminist archaeology.</subfield>
         <subfield code="0">http://id.loc.gov/authorities/subjects/sh93006952</subfield>
      </datafield>
      <datafield ind1=" " ind2="0" tag="650">
         <subfield code="a">Social archaeology.</subfield>
         <subfield code="0">http://id.loc.gov/authorities/subjects/sh85123909</subfield>
      </datafield>
      <datafield ind1=" " ind2="0" tag="650">
         <subfield code="a">Women</subfield>
         <subfield code="x">History</subfield>
         <subfield code="y">To 500.</subfield>
         <subfield code="0">http://id.loc.gov/authorities/subjects/sh85147305</subfield>
      </datafield>
      <datafield ind1=" " ind2="0" tag="650">
         <subfield code="a">Sex role</subfield>
         <subfield code="x">History</subfield>
         <subfield code="y">To 1500.</subfield>
      </datafield>
      <datafield ind1=" " ind2="0" tag="650">
         <subfield code="a">Queens</subfield>
         <subfield code="x">History</subfield>
         <subfield code="y">To 1500.</subfield>
      </datafield>
      <datafield ind1=" " ind2="0" tag="650">
         <subfield code="a">Women shamans</subfield>
         <subfield code="x">History</subfield>
         <subfield code="y">To 1500.</subfield>
      </datafield>
      <datafield ind1=" " ind2="0" tag="650">
         <subfield code="a">Women archaeologists.</subfield>
         <subfield code="0">http://id.loc.gov/authorities/subjects/sh85147439</subfield>
      </datafield>
      <datafield ind1=" " ind2="0" tag="650">
         <subfield code="a">Archaeology</subfield>
         <subfield code="x">Social aspects.</subfield>
      </datafield>
      <datafield ind1=" " ind2="0" tag="650">
         <subfield code="a">Archaeology</subfield>
         <subfield code="v">Fiction.</subfield>
      </datafield>
      <datafield ind1=" " ind2="0" tag="651">
         <subfield code="a">East Asia</subfield>
         <subfield code="x">Antiquities.</subfield>
         <subfield code="0">http://id.loc.gov/authorities/subjects/sh2008114869</subfield>
      </datafield>
      <datafield ind1=" " ind2=" " tag="758">
         <subfield code="0">http://worldcat.org/entity/work/id/54753941</subfield>
      </datafield>
      <datafield ind1="0" ind2=" " tag="787">
         <subfield code="n">OCLC Work Id</subfield>
         <subfield code="o">http://worldcat.org/entity/work/id/54753941</subfield>
      </datafield>
      <datafield ind1=" " ind2=" " tag="949">
         <subfield code="a">CC72.4 .N457 2015</subfield>
         <subfield code="h">GMCT-OS-B</subfield>
         <subfield code="i">1007403957</subfield>
         <subfield code="p">44.96</subfield>
         <subfield code="k">AVAIL_SOON</subfield>
      </datafield>
      <datafield ind1=" " ind2=" " tag="926">
         <subfield code="a">CC72.4 .N457 2015</subfield>
         <subfield code="w">LC</subfield>
         <subfield code="c">1</subfield>
         <subfield code="i">1007403957</subfield>
         <subfield code="d">4/10/2017</subfield>
         <subfield code="e">4/4/2017</subfield>
         <subfield code="l">ON_SHELF</subfield>
         <subfield code="m">GR_MACEWAN</subfield>
         <subfield code="n">1</subfield>
         <subfield code="p">$42.82</subfield>
         <subfield code="r">Y</subfield>
         <subfield code="s">Y</subfield>
         <subfield code="t">BOOK</subfield>
         <subfield code="u">3/11/2015</subfield>
      </datafield>
      <datafield ind1=" " ind2=" " tag="926">
         <subfield code="a">CC 72.4 N457 2015</subfield>
         <subfield code="w">LC</subfield>
         <subfield code="c">1</subfield>
         <subfield code="i">0162035750577</subfield>
         <subfield code="l">ON_SHELF</subfield>
         <subfield code="m">UAAUG</subfield>
         <subfield code="p">$150.00</subfield>
         <subfield code="r">Y</subfield>
         <subfield code="s">Y</subfield>
         <subfield code="t">BOOK</subfield>
         <subfield code="u">11/14/2016</subfield>
         <subfield code="z">COUTTS_ADD</subfield>
      </datafield>
   </record>
</collection>
